<?xml version="1.0" encoding="UTF-8"?><collection xmlns="http://www.loc.gov/MARC21/slim"><record><leader>00568nam--2200181-u-4500</leader><controlfield tag="001">000056567</controlfield><controlfield tag="002">20161230</controlfield><controlfield tag="005">20161230201052</controlfield><controlfield tag="008">160114s1000------------r-----000-0-eng-d</controlfield><datafield ind1=" " ind2=" " tag="040"><subfield code="a">IFIN-HH</subfield></datafield><datafield ind1=" " ind2=" " tag="080"><subfield code="a">532:515.165.514.154:514.7</subfield></datafield><datafield ind1="1" ind2=" " tag="100"><subfield code="a">Berndt, Rolf</subfield></datafield><datafield ind1="1" ind2="0" tag="245"><subfield code="a">An Introduction to Symplectic Geometry</subfield><subfield code="b">Translated by Michael Klucznik</subfield><subfield code="c">Rolf Berndt</subfield></datafield><datafield ind1=" " ind2=" " tag="260"><subfield code="a">Providence, Rhode Island</subfield><subfield code="b">American Mathematical Society</subfield><subfield code="c">2000</subfield></datafield><datafield ind1=" " ind2=" " tag="300"><subfield code="a">xvi+195p</subfield></datafield><datafield ind1=" " ind2=" " tag="490"><subfield code="a">Graduate Studies in Mathematics. vol 26</subfield></datafield><datafield ind1=" " ind2=" " tag="852"><subfield code="a">81727</subfield><subfield code="c">513</subfield></datafield><datafield ind1=" " ind2=" " tag="CAT"><subfield code="a">Sys</subfield><subfield code="c">20160114</subfield><subfield code="h">135703</subfield></datafield></record></collection>